@online{Refactoring,
  author = {Refactoring.Guru},
  title = {Design Patterns in C++},
  url = {https://refactoring.guru/design-patterns/cpp},
  year = {2024},
}
@online {Gerson2016,
    author = "Gerson Kurz",
    title  = "Introduction to Parallel Programming with MPI and OpenMP",
    month  = "12",
    year   = "2016",
    url    = "http://p-nand-q.com/programming/cplusplus/registering_global_objects.html",
    note   = "Source of the great 'pit stops' analogy"
}
@online {OpenFOAM2024,
    author = "OpenCFD",
    title  = "OpenFOAM source code",
    month  = "4",
    year   = "2024",
    url    = "https://develop.openfoam.com/Development/openfoam"
}
@misc{OpenFOAMSmartSim,
  doi = {10.48550/ARXIV.2402.16196},
  url = {https://arxiv.org/abs/2402.16196},
  author = {Maric,  Tomislav and Fadeli,  Mohammed Elwardi and Rigazzi,  Alessandro and Shao,  Andrew and Weiner,  Andre},
  keywords = {Machine Learning (cs.LG),  Fluid Dynamics (physics.flu-dyn),  FOS: Computer and information sciences,  FOS: Computer and information sciences,  FOS: Physical sciences,  FOS: Physical sciences},
  title = {Combining Machine Learning with Computational Fluid Dynamics using OpenFOAM and SmartSim},
  publisher = {arXiv},
  year = {2024},
  copyright = {Creative Commons Attribution 4.0 International}
}
@online {FoamUT,
    author = "Mohammed Elwardi Fadeli",
    title  = "Unit testing framework for OpenFOAM",
    year   = "2024",
    url    = "https://github.com/FoamScience/foamUT"
}
