@inproceedings{Mohanamuraly2016,
  doi = {10.7712/100016.1884.10290},
  url = {https://doi.org/10.7712/100016.1884.10290},
  year = {2016},
  publisher = {Institute of Structural Analysis and Antiseismic Research School of Civil Engineering National Technical University of Athens ({NTUA}) Greece},
  author = {Pavanakumar Mohanamuraly and Jan Christian Huckelheim and Jens-Dominik Mueller},
  title = {Hybrid Parallelisation of an Algorithmically Differentiated Adjoint Solver},
  booktitle = {Proceedings of the {VII} European Congress on Computational Methods in Applied Sciences and Engineering ({ECCOMAS} Congress 2016)}
}
@online {Augustine2018,
    author = "C. Augustine",
    title  = "Introduction to Parallel Programming with MPI and OpenMP",
    month  = "10",
    year   = "2018",
    url    = "https://princetonuniversity.github.io/PUbootcamp/sessions/parallel-programming/Intro_PP_bootcamp_2018.pdf",
    note   = "Source of the great 'pit stops' analogy"
}
@ONLINE {Steinbusch2021,
    author = "B. Steinbusch",
    title  = "Introduction to Parallel Programming with MPI and OpenMP",
    month  = "3",
    year   = "2021",
    url    = "https://www.fz-juelich.de/SharedDocs/Downloads/IAS/JSC/EN/slides/mpi/mpi-openmp-handouts.pdf?__blob=publicationFile"
}
@ONLINE {ENCCS2022,
    author = "EuroCC National Competence Center Sweden",
    title  = "Intermediate MPI",
    month  = "5",
    year   = "2022",
    url   = "https://enccs.github.io/intermediate-mpi/"
}
@ONLINE {Baruffa2020,
    author = "Fabio Baruffa",
    title  = "Improve MPI Performance by Hiding Latency",
    month  = "7",
    year   = "2020",
    url    = "https://www.intel.com/content/www/us/en/developer/articles/technical/overlap-computation-communication-hpc-applications.html"
}
